<?xml version="1.0" encoding="UTF-8"?><record xmlns="info:lc/xmlns/marcxchange-v1" xsi:schemaLocation="http://www.loc.gov/standards/iso25577/marcxchange-1-1.xsd" xmlns:xsi="http://www.w3.org/2001/XMLSchema-instance">
    <leader>00000n    2200000   4500</leader>
    <datafield tag="001" ind1="0" ind2="0">
        <subfield code="a">50129691</subfield>
        <subfield code="b">870970</subfield>
        <subfield code="c">19920212</subfield>
        <subfield code="d">19790614</subfield>
        <subfield code="f">a</subfield>
        <subfield code="o">c</subfield>
    </datafield>
    <datafield tag="004" ind1="0" ind2="0">
        <subfield code="r">n</subfield>
        <subfield code="a">h</subfield>
    </datafield>
    <datafield tag="008" ind1="0" ind2="0">
        <subfield code="b">dk</subfield>
        <subfield code="v">0</subfield>
    </datafield>
    <datafield tag="009" ind1="0" ind2="0">
        <subfield code="a">a</subfield>
        <subfield code="g">xx</subfield>
    </datafield>
    <datafield tag="021" ind1="0" ind2="0">
        <subfield code="a">87-01-72851-2</subfield>
        <subfield code="c">hf.</subfield>
        <subfield code="d">kr. 325.00</subfield>
    </datafield>
    <datafield tag="100" ind1="0" ind2="0">
        <subfield code="5">870979</subfield>
        <subfield code="6">68430348</subfield>
    </datafield>
    <datafield tag="245" ind1="0" ind2="0">
        <subfield code="a">Herodots historie</subfield>
        <subfield code="e">oversat af \Thure Hastrup og Leo Hjortsø\</subfield>
        <subfield code="ø">Ved Thure Hastrup og Leo Hjortsø</subfield>
    </datafield>
    <datafield tag="260" ind1="0" ind2="0">
        <subfield code="&amp;">1</subfield>
        <subfield code="a">[Kbh.]</subfield>
        <subfield code="b">Gyldendal</subfield>
        <subfield code="c">1979</subfield>
        <subfield code="k">Krohn</subfield>
    </datafield>
    <datafield tag="300" ind1="0" ind2="0">
        <subfield code="a">2 bind</subfield>
        <subfield code="c">23 cm</subfield>
    </datafield>
    <datafield tag="512" ind1="0" ind2="0">
        <subfield code="a">Oversættelsen foretaget på grundlag af Oxford-udgaven ved Karl Hude</subfield>
    </datafield>
    <datafield tag="520" ind1="0" ind2="0">
        <subfield code="a">Græsk originaludgave</subfield>
    </datafield>
    <datafield tag="652" ind1="0" ind2="0">
        <subfield code="n">88.2</subfield>
        <subfield code="z">25</subfield>
    </datafield>
    <datafield tag="652" ind1="0" ind2="0">
        <subfield code="o">88.2</subfield>
    </datafield>
    <datafield tag="652" ind1="0" ind2="0">
        <subfield code="p">91.225</subfield>
    </datafield>
    <datafield tag="652" ind1="0" ind2="0">
        <subfield code="p">91.43</subfield>
    </datafield>
    <datafield tag="700" ind1="0" ind2="0">
        <subfield code="5">870979</subfield>
        <subfield code="6">68410061</subfield>
    </datafield>
    <datafield tag="700" ind1="0" ind2="0">
        <subfield code="5">870979</subfield>
        <subfield code="6">68440602</subfield>
    </datafield>
    <datafield tag="996" ind1="0" ind2="0">
        <subfield code="a">DBC</subfield>
    </datafield>
</record>